
@InProceedings{Graphics,
	author = "Rigau, J. and Feixas, M. and Sbert, M.",
	title = "Informational Aesthetics Measures",
	booktitle = " IEEE Computer Graphics and Applications",
	year = "2008"
	}

@article{dalvean2013ranking,
  title={Ranking contemporary American poems},
  author={Dalvean, Michael},
  journal={Literary and Linguistic Computing},
  pages={fqt036},
  year={2013},
  publisher={ALLC}
}

@article{stamatatos2000automatic,
  title={Automatic text categorization in terms of genre and author},
  author={Stamatatos, Efstathios and Fakotakis, Nikos and Kokkinakis, George},
  journal={Computational linguistics},
  volume={26},
  number={4},
  pages={471--495},
  year={2000},
  publisher={MIT Press}
}

@inproceedings{kao2012computational,
  title={A computational analysis of style, affect, and imagery in contemporary poetry},
  author={Kao, Justine and Jurafsky, Dan},
  booktitle={In Proceedings of the NAACL-HLT 2012 Workshop on Computational Linguistics for Literature. Montreal, Canada},
  pages={8--17},
  year={2012}
}

@article{brysbaert2013concreteness,
  title={Concreteness ratings for 40 thousand generally known English word lemmas},
  author={Brysbaert, Marc and Warriner, Amy Beth and Kuperman, Victor},
  journal={Behavior research methods},
  pages={1--8},
  year={2013},
  publisher={Springer}
}

@article{warriner2013norms,
  title={Norms of valence, arousal, and dominance for 13,915 English lemmas},
  author={Warriner, Amy Beth and Kuperman, Victor and Brysbaert, Marc},
  journal={Behavior research methods},
  volume={45},
  number={4},
  pages={1191--1207},
  year={2013},
  publisher={Springer}
}

@article{wilson1988mrc,
  title={MRC Psycholinguistic Database: Machine-usable dictionary, version 2.00},
  author={Wilson, Michael},
  journal={Behavior Research Methods, Instruments, \& Computers},
  volume={20},
  number={1},
  pages={6--10},
  year={1988},
  publisher={Springer}
}

@article{baumann2007general,
  title={A general theory of artistic legitimation: How art worlds are like social movements},
  author={Baumann, Shyon},
  journal={Poetics},
  volume={35},
  number={1},
  pages={47--65},
  year={2007},
  publisher={Elsevier}
}

@article{cameron1989patronage,
  title={Patronage and artistic change},
  author={Cameron, Catherine M},
  journal={City \& Society},
  volume={3},
  number={1},
  pages={55--73},
  year={1989},
  publisher={Wiley Online Library}
}

@book{clayton1991influence,
  title={Influence and intertextuality in literary history},
  author={Clayton, Jay and Rothstein, Eric},
  year={1991},
  publisher={Univ of Wisconsin Press}
}

@book{aldington1916some,
  title={Some Imagist Poets: An Anthology},
  author={Aldington, Richard and Doolittle, Hilda and Fletcher, John Gould and Flint, Frank Stewart and Lawrence, David Herbert and Lowell, Amy},
  volume={2},
  year={1916},
  publisher={Houghton Mifflin Company}
}

@article{ackerman1969demise,
  title={The demise of the avant garde: Notes on the sociology of recent American art},
  author={Ackerman, James S},
  journal={Comparative Studies in Society and History},
  volume={11},
  number={04},
  pages={371--384},
  year={1969},
  publisher={Cambridge Univ Press}
}

@article{simmel1957fashion,
  title={Fashion},
  author={Simmel, Georg},
  journal={American journal of sociology},
  pages={541--558},
  year={1957},
  publisher={JSTOR}
}

@book{carroll2004literary,
  title={Literary Darwinism: Evolution, human nature, and literature},
  author={Carroll, Joseph},
  year={2004},
  publisher={Routledge}
}

@book{preminger1986princeton,
  title={The Princeton handbook of poetic terms},
  author={Preminger, Alex and Warnke, Frank J and Hardison, OB and Brogan, TVF},
  year={1986},
  publisher={Princeton University Press Princeton NJ}
}

@article{hamilton2004toward,
  title={Toward a Cognitive Rhetoric of Imagism},
  author={Hamilton, Craig A},
  journal={STYLE-FAYETTEVILLE-},
  volume={38},
  number={4},
  pages={468},
  year={2004},
  publisher={NORTHERN ILLINOIS UNIVERSITY}
}


@article{holmes1985analysis,
  title={The analysis of literary style--a review},
  author={Holmes, David I},
  journal={Journal of the Royal Statistical Society. Series A (General)},
  pages={328--341},
  year={1985},
  publisher={JSTOR}
}



@article{pratt1992imagism,
  title={Imagism and the Shape of English Poetry},
  author={Pratt, William},
  journal={Pratt, W. and Richardson, R. eds},
  pages={75--96},
  year={1992}
}

@book{frank1991idea,
  title={The idea of spatial form},
  author={Frank, Joseph},
  year={1991},
  publisher={Rutgers University Press}
}

@InProceedings{Kaplan+Blei,
	author = "Kaplan, D. and Blei, D.",
	title =  "A computational approach to style in American poetry",
	booktitle = "IEEE Conference on Data Mining",
	year = "2007"
	}
	
@Book{Birkhoff,
	author = " Birkhoff, G.D.",
	title = "Aesthetic Measure",
	publisher = "Kessinger Publishing",
	year = "1933",
	}

@Misc{Kaplan,
	author = "Kaplan, D.",
	title = "Computational Analysis and Visualized Comparison of Style in American Poetry",
	note = "Unpublished undergraduate thesis",
	year = "2006"
	}
	
@Article{Meter,
	author = "Hayward, M.",
	year = "1996",
	title = "Analysis of a Corpus of Poetry by a Connectionist Model of Poetic Meter",
	journal = "Poetics",
	volume = "24",
	number = "1",
	pages = "1-11"
	}
	
@Article{SuicidePoets,
	author = "Stirman, S. W. and Pennebaker, J.W",
	title = "Word use in the poetry of suicidal and nonsuicidal poets",
	journal = "Psychosomatic Medicine",
	year = "2001",
	volume = "63",
	number = "4", 
	pages = "517-22"
	}

@Book{ContempAmPoetry,
	author = "Poulin, A. and Waters, M.",
	title = "Contemporary American Poetry",
	publisher = "Houghton Mifflin Company",
	edition = "Eighth",
	year = "2006"
	}

@misc{InquirerInfo,
	author = "Harvard General Inquirer",
	year = "2011",
	title = "How the General Inquirer is used 
and a comparison of General Inquirer 
with other text-analysis procedures"
	}
	
@Book{LIWC,
	author = "Pennebaker, J.W. and Francis, M.E. and Booth, R. J.",
	year = "2001",
	title = "Linguistic Inquiry and Word Count (LIWC): LIWC2001",
	publisher = "Mahwah, NJ: Erlbaum"
	}

@Book{Inquirer+1966,
	author = "Stone, P.J. and Dunphry, D.C. and Smith, M.S. and Ogilvie, D.M.",
	title = "The General Inquirer: A Computer Approach to Content Analysis",
	publisher = "Cambridge, MA: MIT Press",
	year = "1966"
	}

@Book{Burroway,
	author = "Burroway, J.",
	year = "2007",
	title = "Imaginative Writing: The Elements of Craft",
	publisher = "Pearson",
	edition = "2"
	}
	
@Book{PoetsCompanion,
	author = "Addonizio, K. and Laux, D.",
	year = "1997",
	title = "The Poet's Companion: A guide to the pleasures of writing poetry",
	publisher = "W. W. Norton and Company"
	}
	
	@book{lowell1920tendencies,
  title={Tendencies in modern American poetry},
  author={Lowell, Amy},
  year={1920},
  publisher={Macmillan}
}
	
@book{martindale1990clockwork,
  title={The clockwork muse: The predictability of artistic change.},
  author={Martindale, Colin},
  year={1990},
  publisher={Basic Books}
}

%	Grzybek, P., Stadlober, E., Kelih, E., and Antic, G. (2005). Quantitative text typology: the impact of word length, in C. Weihs and W. Gaul (Eds.): Classification– the Ubiquitous Challenge, 53-64, Springer, Heidelberg. 26 Dec. 2005
	
	%For instance, Miles entitled one publication “Major Adjectives in English Poetry: From Wyatt to Auden” (1946); as advertised, she looked at the most frequently used adjectives by various poets, at the time counted by hand, and she made notes such as, “the character of Wyatt’s list differs from Spenser’s[. . . ]more strict and negatively implicative” (313).
@book{Harrower,
	author = "Harrower, M.",
	year =  "1972",
	title = "The therapy of poetry",
	publisher = "Oryx, London"
	}
	

@article{frequencyDifficulty,
     title = {Word Frequency and Word Difficulty: A Comparison of Counts in Four Corpora},
     author = {Breland, Hunter M.},
     journal = {Psychological Science},
     jstor_issuetitle = {},
     volume = {7},
     number = {2},
     jstor_formatteddate = {Mar., 1996},
     pages = {pp. 96-99},
     year = {1996},
     publisher = {Sage Publications, Inc. on behalf of the Association for Psychological Science},
     copyright = {Copyright © 1996 Association for Psychological Science},
    }

@Misc{COCA,
	author = "Davies, M.",
	year = "2011",
	title = "Word frequency data from the {C}orpus of {C}ontemporary {A}merican {E}nglish ({COCA})",
	note = "Downloaded from http://www.wordfrequency.info on May 10, 2011."
	}

	
@article{automaticEssay,
	author = "Ben-Simon, A. and Bennett, R. E.",
	title = "Toward More Substantively Meaningful Automated Essay Scoring",
	journal = "The journal of Technology, Learning, and Assessment",
	year = "2007",
}

@article{plath,
	title = "Sylvia Plath and the failure of emotional self-repair through poetry",
	author = "Silverman, M.A. and Will, N.P.",
	year = "1986",
	journal = "Psychoanal Q",
	volume = "55",
	pages = "99-129"
}
	
@article{Aristotle,
	author = "Aristotle",
	year = "1998",
	title = "Poetics", 
	journal = "The Critical Tradition: Classical Texts and Contemporary Trends",
	publisher = "Boston: Bedford Book"
	}

@book{Handbook,
	title = "The Handbook of Creative Writing",
	editor = "Earnshaw, S",
	publisher = "Edinburgh University Press",
	year = "2007"
	}

@misc{academy2,
	editor = "The Academy of American Poets, Inc.",
	year = "2011",
	title = "Poets, http://www.poets.org",
	key = "Academy of American Poets",
	
	}
	
@article{Longinus,
	author = "Longinus",
	year = "2001",
	title = "On sublimity",
	journal = "The Norton Anthology of Theory and Criticism"
	}
	
	@book{thacker2011imagist,
  title={The imagist poets},
  author={Thacker, AJ},
  year={2011},
  publisher={Northcote House}
}
	
@article{testing,
    title = {Word Frequency and Reading Comprehension},
    author = {{Marks, Carolyn B.} and {Doctorow, Marleen J.} and {Wittrock, M. C.}},
    journal = {The Journal of Educational Research},
    volume = {67},
    number = {6},
    year = "1974",
    series = {},
    pages = {259--262},
    }
  
  @inproceedings{readability,
  	author = "Pitler, E. and Nenkova, Ani",
	year = "2008",
	title = "Revisiting readability: A unified framework for predicting text quality",
	booktitle = "Empirical Methods in Natural Language Processing",
	pages = "186-195"
	}
	
@article{Rapp,
	author = "Lea, R.B. and Rapp, D.N. and Elfenbein, A and Mitchel, A.D. and Romine, R.S.",
	title = "Sweet silent thought: Alliteration and resonance in poetry comprehension",
	journal = "Psychological Science",
	year = "2008",
	volume = "19",
	number = "709"
	}
	
@book{Rubin,
	author = "Rubin, D.C.",
	year = "1995",
	title = "Memory in oral traditions: The cognitive psychology of epic, ballads, and counting-out rhymes",
	publisher = "New York: Oxford University Press"
	}

@article{aphorisms,
	author = "McGlone, M.S. and Tofighbakhsh, J.",
	year = "2000",
	title = "Birds of a feather flock conjointly (?): Rhyme as reason in aphorisms",
	journal = "Psychological Science",
	volume = "11",
	pages = "424-428"
	}
	
@article{reading,
	author = "Bryant, P.E. and Maclean, M. and Bradley, L.L. and Crossland, J.",
	year = "1990",
	title = "Rhyme and alliteration, phoneme detection, and learning to read",
	journal = "Developmental Psychology",
	volume = "26",
	number = "3"
	}
	

@article{pairing,
	author = "Paivio, A. and Yuille, J.C. and Smythe, P.C.",
	year = "1966",
	title = "Stimulus and response abstractness, imagery, and meaningfulness, and reported mediators in paired-asscoiate learning",
	journal = "Canadian Journal of Psychology",
	volume = "20",
	number = "4"
	}
@article{imagery,
	author = "Bower, G.H.",
	title = "Imagery as a relational organizer in associative learning",
	journal = "Journal of Verbal Learning and Verbal Behavior",
	year = "1970",
	volume = "9",
	number = "5",
	pages = "529-533"
	}
@article{neuro,
title = "The Concreteness Effect: Evidence for Dual Coding and Context Availability",
journal = "Brain and Language",
volume = "74",
number = "1",
pages = "103 - 112",
year = "2000",
author = "F. Jessen and R. Heun and M. Erb and D. -O. Granath and U. Klose and A. Papassotiropoulos and W. Grodd"
}

@book{critic,
	author = "Richards, I.A.",
	year = "1893",
	title = "Practical criticism: a study of literary judgment",
	publisher = "Transaction Publishers"
	}
 
@inproceedings{poetryGen,
 author = {Greene, Erica and Bodrumlu, Tugba and Knight, Kevin},
 title = {Automatic analysis of rhythmic poetry with applications to generation and translation},
 booktitle = {Proceedings of the 2010 Conference on Empirical Methods in Natural Language Processing},
 series = {EMNLP '10},
 year = {2010},
 location = {Cambridge, Massachusetts},
 pages = {524--533},
}

@article {connectionistMeter,
	author = "M. Hayward",
	title = "Analysis of a corpus of poetry by a connectionist model of poetic meter",
	journal = "Poetics",
	volume = "24",
	number = "1",
	year = "1996",
	pages = "1-11",
}

@article{intertextuality,
  title={Evidence of intertextuality: investigating Paul the Deacon's Angustae Vitae},
  author={Forstall, C.W. and Jacobson, S.L. and Scheirer, W.J.},
  journal={Literary and Linguistic Computing},
  volume={26},
  number={3},
  pages={285--296},
  year={2011},
  publisher={ALLC}
}

@inproceedings{poetryTrans,
  title={Poetic statistical machine translation: rhyme and meter},
  author={Genzel, D. and Uszkoreit, J. and Och, F.},
  booktitle={Proceedings of the 2010 Conference on Empirical Methods in Natural Language Processing},
  pages={158--166},
  year={2010},
  organization={Association for Computational Linguistics}
}

@inproceedings{svm,
  title={SVM-based classification method for poetry style},
  author={He, Z.S. and Liang, W.T. and Li, L.Y. and Tian, Y.F.},
  booktitle={Machine Learning and Cybernetics, 2007 International Conference on},
  volume={5},
  pages={2936--2940},
  year={2007},
  organization={IEEE}
}

@inproceedings{chinesePoetry,
 author = {Fang, Alex Chengyu and Lo, Fengju and Chinn, Cheuk Kit},
 title = {Adapting NLP and corpus analysis techniques to structured imagery analysis in classical Chinese poetry},
 booktitle = {Proceedings of the Workshop on Adaptation of Language Resources and Technology to New Domains},
 series = {AdaptLRTtoND '09},
 year = {2009},
 isbn = {978-954-452-009-0},
 pages = {27--34},
} 

@inproceedings{socher2011semi,
  title={Semi-supervised recursive autoencoders for predicting sentiment distributions},
  author={Socher, R. and Pennington, J. and Huang, E.H. and Ng, A.Y. and Manning, C.D.},
  booktitle={Proceedings of the Conference on Empirical Methods in Natural Language Processing},
  pages={151--161},
  year={2011},
  organization={Association for Computational Linguistics}
}

@article{mohammad2011crowdsourcing,
  title={Crowdsourcing a word--emotion association lexicon},
  author={Mohammad, S.M. and Turney, P.D.},
  journal={Computational Intelligence},
  volume={59},
  number={000},
  pages={1--24},
  year={2011}
}

@article{coltheart1981mrc,
  title={The MRC psycholinguistic database},
  author={Coltheart, M.},
  journal={The Quarterly Journal of Experimental Psychology},
  volume={33},
  number={4},
  pages={497--505},
  year={1981},
  publisher={Taylor \& Francis}
}

@article{jakobson1960closing,
  title={Closing statement: Linguistics and poetics},
  author={Jakobson, R.},
  journal={Style in language},
  volume={350},
  pages={377},
  year={1960},
  publisher={Cambridge}
}

@article{fabb2006generated,
  title={Generated metrical form and implied metrical form},
  author={Fabb, N.},
  journal={Formal approaches to poetry},
  pages={77--91},
  year={2006}
}
